<?xml version="1.0" encoding="UTF-8"?><collection xmlns="http://www.loc.gov/MARC21/slim"><record><leader>00432nam--2200133-i-4500</leader><controlfield tag="001">000046885</controlfield><controlfield tag="002">20161230</controlfield><controlfield tag="005">20161230201046</controlfield><controlfield tag="008">060222s1000------------r-----000-0-eng-d</controlfield><datafield ind1=" " ind2=" " tag="080"><subfield code="a">621.039.573</subfield></datafield><datafield ind1=" " ind2=" " tag="100"><subfield code="a">Von Der Hardt,Peter</subfield></datafield><datafield ind1=" " ind2=" " tag="245"><subfield code="a">Handbook of materials testing reactors an associated hot laboratories in the european community. nuclear sc.and techn</subfield></datafield><datafield ind1=" " ind2=" " tag="260"><subfield code="a">Dordrecht, D.Reidel Publ.Co.,1981. Vii + 151 P</subfield></datafield><datafield ind1=" " ind2=" " tag="852"><subfield code="a">73166</subfield></datafield></record></collection>